@article{smote-comparison,
  author={Gy\"orgy Kov\'acs},
  title={An empirical comparison and evaluation of minority oversampling techniques on a large number of imbalanced datasets},
  journal={Applied Soft Computing},
  volume={83},
  pages={105662},
  year={2019},
  url={https://doi.org/10.1016/j.asoc.2019.105662},
  group={journal},
  code={https://github.com/gykovacs/smote_variants},
  doi={10.1016/j.asoc.2019.105662}
}
@article{Smote,
  author    = {Kevin W. Bowyer and
               Nitesh V. Chawla and
               Lawrence O. Hall and
               W. Philip Kegelmeyer},
  title     = {{SMOTE:} Synthetic Minority Over-sampling Technique},
  journal   = {CoRR},
  volume    = {abs/1106.1813},
  year      = {2011},
  url       = {http://arxiv.org/abs/1106.1813},
  archivePrefix = {arXiv},
  eprint    = {1106.1813},
  timestamp = {Mon, 13 Aug 2018 16:46:59 +0200},
  biburl    = {https://dblp.org/rec/bib/journals/corr/abs-1106-1813},
  bibsource = {dblp computer science bibliography, https://dblp.org}
}
@article{smotetomek,
 author = {Batista, Gustavo E. A. P. A. and Prati, Ronaldo C. and Monard, Maria Carolina},
 title = {A Study of the Behavior of Several Methods for Balancing Machine Learning Training Data},
 journal = {SIGKDD Explor. Newsl.},
 issue_date = {June 2004},
 volume = {6},
 number = {1},
 month = jun,
 year = {2004},
 issn = {1931-0145},
 pages = {20--29},
 numpages = {10},
 url = {http://doi.acm.org/10.1145/1007730.1007735},
 doi = {10.1145/1007730.1007735},
 acmid = {1007735},
 publisher = {ACM},
 address = {New York, NY, USA},
}
@misc{chollet2015keras,
  title={Keras},
  author={Chollet, Fran\c{c}ois and others},
  year={2015},
  howpublished={\url{https://keras.io}},
}
@misc{tensorflow,
title={{TensorFlow}: Large-Scale Machine Learning on Heterogeneous Systems},
url={http://tensorflow.org/},
note={Software available from tensorflow.org},
author={
    Mart\'{\i}n~Abadi and
    Ashish~Agarwal and
    Paul~Barham and others},
  year={2015},
}
@article{scikit,
 title={Scikit-learn: Machine Learning in {P}ython},
 author={Pedregosa, F. and Varoquaux, G. and Gramfort, and others},
 journal={Journal of Machine Learning Research},
 url={https://scikit-learn.org/},
 volume={12},
 pages={2825--2830},
 year={2011}
}
@misc{corr_plot, 
title={Plotting a diagonal correlation matrix},
url={https://seaborn.pydata.org/examples/many_pairwise_correlations.html},
journal={Plotting a diagonal correlation matrix - seaborn documentation},
author={Waskom, Michael}
}
@misc{roc,
title={Receiver Operating Characteristic (ROC)}, url={https://scikit-learn.org/stable/auto_examples/model_selection/plot_roc.html},
journal={scikit},
author={Scikit-learn Developers}
}